@book{xiangtuzhongguo,
	title = {乡土中国},
	isbn = {978-7-01-007106-0},
	url = {https://book.douban.com/subject/3283983/},
	series = {\&nbsp;人民文库                          {ISBN}: 9787010071060},
	abstract = {费孝通（1910-2005），字彝江。祖籍江苏吴江。1936年赴英留学，1938年获伦敦大学哲学博士学位，同年回国。先后任云南大学、西南联合大学、清华大学教授，清华大学社会学系主任、副教务长。1949年后历任中央民族学院教授、副院长，中央人民政府民族事务委员会副主任，中国社会科学院民族研究所副所长、社会学研究所所长，北京大学社会学系教授，曾任全国人大副委员长、全国政协副主席、民盟中央主席等职。曾获美国马林诺夫斯基纪念奖、英国皇家人类学会的赫青黎奖章、美国大英百科全书奖、日本福冈市亚洲文化大奖、菲律宾“麦格赛”社会领袖奖等桨项。主要著作有《江村经拼朱《民族与社会》、《生育制卿》、《行行重行行》等。, 著名社会学家费孝通教授，一生行行重行行，实地调查和考察总结中国农村经济发展的各种模式，写下了诸多不朽篇章。本书推出的是学界共认的中国乡土社会传统文化和社会结..., (展开全部)},
	pagetotal = {120},
	publisher = {人民出版社},
	author = {费孝通},
	urldate = {2021-07-21},
	date = {2008-10},
	keywords = {中国, 费孝通, 民俗, 农村, 社会, 社会学, 文化, 乡土},
	file = {2238xtzg.epub:/Users/isaac/Zotero/storage/RVQHRFG8/2238xtzg.epub:application/epub+zip;2238xtzg.mobi:/Users/isaac/Zotero/storage/XVA4RMAH/2238xtzg.mobi:application/octet-stream;2238xtzg.pdf:/Users/isaac/Zotero/storage/KCWUKQL6/2238xtzg.pdf:application/pdf},
}

@book{rengongzhinengtongxinlilunyufangfa,
	location = {武汉},
	title = {人工智能通信理论与方法},
	publisher = {华中科技大学出版社},
	author = {陈, 敏},
	date = {2020},
}

@book{rengongzhinengjianshi,
	location = {北京},
	title = {人工智能简史},
	publisher = {人民邮电出版社},
	author = {尼克},
	date = {2017},
}

@book{zhongguozhexueshi,
	title = {中国哲学史（上下）},
	isbn = {978-7-108-03203-4},
	url = {https://book.douban.com/subject/3674493/},
	series = {\&nbsp;冯友兰作品精选                          {ISBN}: 9787108032034},
	pagetotal = {1104},
	publisher = {生活·读书·新知三联书店},
	author = {冯友兰},
	urldate = {2021-07-21},
	date = {2009-10-01},
	keywords = {中国, 历史, 哲学, 冯友兰, 三联书店, 哲学史, 中国哲学, 中国哲学史},
}

@book{jiqixuexi,
	location = {北京},
	title = {机器学习},
	publisher = {清华大学出版社},
	author = {周, 志华},
	date = {2016},
}

@inproceedings{vaswani_attention_2017,
	title = {Attention is all you need},
	pages = {5998--6008},
	booktitle = {Advances in neural information processing systems},
	author = {Vaswani, Ashish and Shazeer, Noam and Parmar, Niki and Uszkoreit, Jakob and Jones, Llion and Gomez, Aidan N. and Kaiser, \{{\textbackslash}textbackslash\}Lukasz and Polosukhin, Illia},
	date = {2017},
	langid = {english},
}